@article{boixo2018characterizing,
  title={Characterizing quantum supremacy in near-term devices},
  author={Boixo, Sergio and Isakov, Sergei V and Smelyanskiy, Vadim N and Babbush, Ryan and Ding, Nan and Jiang, Zhang and Bremner, Michael J and Martinis, John M and Neven, Hartmut},
  journal={Nature Physics},
  volume={14},
  number={6},
  pages={595--600},
  year={2018},
  publisher={Nature Publishing Group UK London}
}

@article{arute2019quantum,
  title={Quantum supremacy using a programmable superconducting processor},
  author={Arute, Frank and Arya, Kunal and Babbush, Ryan and Bacon, Dave and Bardin, Joseph C and Barends, Rami and Biswas, Rupak and Boixo, Sergio and Brandao, Fernando GSL and Buell, David A and others},
  journal={Nature},
  volume={574},
  number={7779},
  pages={505--510},
  year={2019},
  publisher={Nature Publishing Group}
}
@article{preskill,
  author    = {John Preskill},
  title     = {Quantum Computing in the NISQ era and beyond},
  journal   = {Quantum},
  volume    = {2},
  pages     = {79},
  year      = {2018}
}

@inproceedings{patel2020experimental,
  title={Experimental evaluation of nisq quantum computers: Error measurement, characterization, and implications},
  author={Patel, Tirthak and Potharaju, Abhay and Li, Baolin and Roy, Rohan Basu and Tiwari, Devesh},
  booktitle={SC20: International Conference for High Performance Computing, Networking, Storage and Analysis},
  pages={1--15},
  year={2020},
  organization={IEEE}
}

@article{larose2019overview,
  title={Overview and comparison of gate level quantum software platforms},
  author={LaRose, Ryan},
  journal={Quantum},
  volume={3},
  pages={130},
  year={2019},
  publisher={Verein zur F{\"o}rderung des Open Access Publizierens in den Quantenwissenschaften}
}

@article{li2023qasmbench,
  title={Qasmbench: A low-level quantum benchmark suite for nisq evaluation and simulation},
  author={Li, Ang and Stein, Samuel and Krishnamoorthy, Sriram and Ang, James},
  journal={ACM Transactions on Quantum Computing},
  volume={4},
  number={2},
  pages={1--26},
  year={2023},
  publisher={ACM New York, NY}
}

@article{bantysh2021quantum,
  title={Quantum tomography benchmarking},
  author={Chernyavskiy, A Yu and Bogdanov, Yu I},
  journal={Quantum Information Processing},
  volume={20},
  pages={1--20},
  year={2021},
  publisher={Springer}
}


@misc{rigetti,
  title      = {Rigetti Computing},
  howpublished= {\url{https://www.rigetti.com/}},
  note       = {Accessed on 2023-02-18}
}

@misc{tomography,
  title      = {Quantum Tomography Benchmarking},
  howpublished= {\url{https://github.com/PQCLab/pyQTB}},
  note       = {Accessed on 2023-08-29}
}


@misc{ibmq,
  title      = {{IBM Quantum}},
  howpublished= {\url{https://www.ibm.com/quantum}},
  note       = {Accessed on 2023-02-18}
}

@misc{oxforf,
  title      = {Oxford Quantum},
  howpublished= {\url{http://oxfordquantum.org/}},
  note       = {Accessed on 2023-02-18}
}

@misc{ionq,
  title      = {{IonQ}},
  howpublished= {\url{https://ionq.com/}},
  note       = {Accessed on 2023-02-18}
}

@misc{xanadu,
  title      = {Xanadu},
  howpublished= {\url{https://www.xanadu.ai/}},
  note       = {Accessed on 2023-02-18}
}

@misc{dwave,
  title      = {{D-Wave Systems}},
  howpublished= {\url{https://www.dwavesys.com/}},
  note       = {Accessed on 2023-02-18}
}

@misc{quera,
  title      = {{QuEra}},
  howpublished= {\url{https://www.quera.com/}},
  note       = {Accessed on 2023-02-18}
}

@misc{sdk,
  title      = {{QCS Documentation}},
  howpublished= {\url{https://docs.rigetti.com/qcs/}},
  note       = {Accessed on 2023-02-18}
}

@misc{pyquil,
  title      = {{PyQuil Documentation}},
  howpublished= {\url{https://pyquil-docs.rigetti.com/en/stable/}},
  note       = {Accessed on 2023-02-18}
}

@misc{qiskit,
  title      = {Qiskit},
  howpublished= {\url{https://qiskit.org/}},
  note       = {Accessed on 2023-02-18}
}

@misc{ibmqplatform,
  title      = {{IBM Quantum Experience}},
  howpublished= {\url{https://quantum-computing.ibm.com/}},
  note       = {Accessed on 2023-02-18}
}

@misc{amazon,
  title      = {{Amazon Braket}},
  howpublished= {\url{https://aws.amazon.com/braket/}},
  note       = {Accessed on 2023-02-18}
}

@misc{zapata,
  title      = {{Zapata Orquestra Platform}},
  howpublished= {\url{https://www.zapatacomputing.com/orquestra-platform/}},
  note       = {Accessed on 2023-02-18}
}

@article{preskillnew,
  title={Quantum computing 40 years later},
  author={Preskill, J.},
  journal={arXiv preprint arXiv:2106.10522},
  year={2021}
}

@article{liu2022sampling,
  title={Benchmarking near-term quantum computers via random circuit sampling},
  author={Liu, Y. and Otten, M. and Bassirianjahromi, R. and Jiang, L. and Fefferman, B.},
  journal={arXiv preprint arXiv:2105.05232},
  year={2021}
}

@article{knill2008randomized,
  title={Randomized benchmarking of quantum gates},
  author={Knill, E. and Leibfried, D. and Reichle, R. and Britton, J. and Blakestad, R. B. and Jost, J. D. and Langer, C. and Ozeri, R. and Seidelin, S. and Wineland, D. J.},
  journal={Physical Review A},
  volume={77},
  number={1},
  pages={012307},
  year={2008},
  publisher={APS}
}

@article{wallman2014randomized,
  title={Randomized benchmarking with confidence},
  author={Wallman, J. J. and Flammia, S. T.},
  journal={New Journal of Physics},
  volume={16},
  number={10},
  pages={103032},
  year={2014},
  publisher={IOP Publishing}
}

@article{helsen2022general,
  title={General framework for randomized benchmarking},
  author={Helsen, J. and Roth, I. and Onorati, E. and Werner, A. H. and Eisert, J.},
  journal={PRX Quantum},
  volume={3},
  number={2},
  pages={020357},
  year={2022},
  publisher={APS}
}

@article{cornelissen2021scalable,
  title={Scalable benchmarks for gate-based quantum computers},
  author={Cornelissen, A. and Bausch, J. and Gilyén, A.},
  journal={arXiv preprint arXiv:2104.10698},
  year={2021}
}

@article{cross2019validating,
  title={Validating quantum computers using randomized model circuits},
  author={Cross, A. W. and Bishop, L. S. and Sheldon, S. and Nation, P. D. and Gambetta, J. M.},
  journal={Physical Review A},
  volume={100},
  number={3},
  pages={032328},
  year={2019},
  publisher={APS}
}

@article{moll2018quantum,
  title={Quantum optimization using variational algorithms on near-term quantum devices},
  author={Moll, N. and Barkoutsos, P. and Bishop, L. S. and Chow, J. M. and Cross, A. and Egger, D. J. and Filipp, S. and Fuhrer, A. and Gambetta, J. M. and Ganzhorn, M. and Kandala, A. and Mezzacapo, A. and M{\"u}ller, P. and Riess, W. and Salis, G. and Smolin, J. and Tavernelli, I. and Temme, K.},
  journal={Quantum Science and Technology},
  volume={3},
  number={3},
  pages={030503},
  year={2018}
}

@article{pelofske2022volume,
  title={Quantum volume in practice: What users can expect from NISQ devices},
  author={Pelofske, E. and B{\"a}rtschi, A. and Eidenbenz, S.},
  journal={IEEE Transactions on Quantum Engineering},
  volume={3},
  pages={1-19},
  year={2022}
}

@article{mqt2022,
  title={MQT Bench: Benchmarking software and design automation tools for quantum computing},
  author={Quetschlich, N. and Burgholzer, L. and Wille, R.},
  journal={arXiv preprint arXiv:2204.13719},
  year={2022}
}

@misc{mqt-bench,
  title={{MQTBench}},
  howpublished={\url{https://github.com/cda-tum/MQTBench}},
  note={Accessed on 2023-02-18}
}

@inproceedings{supermarq,
  title={{SupermarQ: A scalable quantum benchmark suite}},
  author={Tomesh, T. and Gokhale, P. and Omole, V. and Ravi, G. S. and Smith, K. N. and Viszlai, J. and Wu, X. and Hardavellas, N. and Martonosi, M. R. and Chong, F. T.},
  booktitle={2022 IEEE International Symposium on High-Performance Computer Architecture (HPCA)},
  pages={587-603},
  year={2022},
  organization={IEEE}
}

@misc{supermarkq-github,
  title={{SupermarQ}},
  howpublished={\url{https://github.com/SupertechLabs/SupermarQ}},
  note={Accessed on 2023-02-18}
}

@misc{qiskit-randomized,
  title={Qiskit Benchmarks},
  howpublished={\url{https://github.com/qiskit-community/qiskit-benchmarks}},
  note={Accessed on 2023-02-18}
}

@misc{forest-benchmarking,
  title={{Forest Benchmarking: QCVV using PyQuil}},
  howpublished={\url{https://github.com/rigetti/forest-benchmarking}},
  note={Accessed on 2023-02-18}
}

@misc{volume-in-practice,
  title={Quantum Volume in Practice},
  howpublished={\url{https://github.com/lanl/Quantum-Volume-in-Practice}},
  note={Accessed on 2023-02-18}
}

@misc{cross-entropy-bench,
title = {Cross-Entropy Benchmark},
howpublished = {\url{https://quantumai.google/cirq/noise/qcvv/xeb_theory}},
note = {Accessed on 2023-02-18}
}

@article{puchala2018strategies,
author = {Puchała, Z. and Pawela, Ł. and Krawiec, A. and Kukulski, R.},
title = {Strategies for optimal single-shot discrimination of quantum measurements},
journal = {Physical Review A},
volume = {98},
number = {4},
pages = {042103},
year = {2018}
}

@book{watrous,
author = {Watrous, J.},
title = {The Theory of Quantum Information},
publisher = {Cambridge University Press},
year = {2018}
}

@article{helstrom1976quantum,
author = {Helstrom, C. W.},
title = {Quantum detection and estimation theory},
journal = {Journal of Statistical Physics},
volume = {1},
number = {2},
pages = {231-252},
year = {1969}
}

@misc{yaml,
title = {{YAML Ain't Markup Language (YAML) Version 1.2}},
howpublished = {\url{https://yaml.org/spec/1.2.2/}},
note = {Accessed on 2023-02-18}
}

@misc{pyqbenchgithub,
title = {{PyQBench GitHub Repository}},
howpublished = {\url{https://github.com/iitis/PyQBench}},
note = {Accessed on 2023-02-18}
}

@misc{pyqbenchdocs,
title = {{PyQBench Documentation}},
howpublished = {\url{https://pyqbench.readthedocs.io/en/latest/}},
note = {Accessed on 2023-02-18}
}

@misc{qiskit-braket-provider,
title = {{Introducing the Qiskit Provider for Amazon Braket}},
howpublished = {\url{https://aws.amazon.com/blogs/quantum-computing/introducing-the-qiskit-provider-for-amazon-braket/}},
note = {Accessed on 2023-02-18}
}

@misc{qiskit-braket-provider-github,
title = {{Qiskit Braket Provider GitHub Repository}},
howpublished = {\url{https://github.com/qiskit-community/qiskit-braket-provider}},
note = {Accessed on 2023-02-18}
}

@misc{aer,
title = {{Qiskit Aer GitHub Repository}},
howpublished = {\url{https://github.com/Qiskit/qiskit-aer}},
note = {Accessed on 2023-02-18}
}

@misc{mthree,
title = {{mthree Documentation}},
howpublished = {\url{https://qiskit.org/documentation/partners/mthree/stubs/mthree.M3Mitigation.html}},
note = {Accessed on 2023-02-10}
}

@article{mthreepublication,
author = {Nation, P. D. and Kang, H. and Sundaresan, N. and Gambetta, J. M.},
title = {Scalable mitigation of measurement errors on quantum computers},
journal = {PRX Quantum},
volume = {2},
number = {4},
pages = {040326},
year = {2021}
}

@article{numericalrangle,
author = {Murnaghan, F. D.},
title = {On the field of values of a square matrix},
journal = {Proceedings of the National Academy of Sciences},
volume = {18},
number = {3},
pages = {246-248},
year = {1932}
}

@misc{nr,
title = {Numerical shadow},
howpublished = {\url{https://numericalshadow.org/}},
note = {Accessed on 2022-10-02}
}

@article{watrous2021simplier,
author = {Watrous, J.},
title = {Simpler semidefinite programs for completely bounded norms},
journal = {Chicago Journal of Theoretical Computer Science},
volume = {8},
year = {2013}
}

@article{lewandowska2021certification,
author = {Lewandowska, P. and Krawiec, A. and Kukulski, R. and Pawela, Ł. and Puchała, Z.},
title = {On the optimal certification of von {Neumann} measurements},
journal = {Scientific Reports},
volume = {11},
number = {1},
pages = {3623},
year = {2021}
}

@article{hausdorff,
author = {Hausdorff, F.},
title = {Der wertvorrat einer bilinearform},
journal = {Mathematische Zeitschrift},
volume = {3},
number = {1},
pages = {314-316},
year = {1919}
}

@article{toeplitz,
author = {Toeplitz, O.},
title = {Das algebraische Analogon zu einem Satze von Fejér},
journal = {Mathematische Zeitschrift},
volume = {2},
number = {1-2},
pages = {187-197},
year = {1918}
}

@article{michielsen2017benchmarking,
author = {Michielsen, K. and Nocon, M. and Willsch, D. and Jin, F. and Lippert, T. and De Raedt, H.},
title = {Benchmarking gate-based quantum computers},
journal = {Computer Physics Communications},
volume = {220},
pages = {44-55},
year = {2017}
}

@article{zhukov2019quantum,
author = {Zhukov, A. A. and Kiktenko, E. O. and Elistratov, A. A. and Pogosov, W. V. and Lozovik, Y. E.},
title = {Quantum communication protocols as a benchmark for programmable quantum computers},
journal = {Quantum Information Processing},
volume = {18},
number = {1},
pages = {31},
year = {2019}
}

@article{hamilton2018generative,
author = {Hamilton, Kathleen E. and Dumitrescu, Eugene F. and Pooser, Raphael C.},
title = {Generative model benchmarks for superconducting qubits},
journal = {Physical Review A},
volume = {99},
number = {6},
pages = {062323},
year = {2019}
}

@article{benedetti2018generative,
author = {Benedetti, M. and Garcia-Pintos, D. and Perdomo, O. and Leyton-Ortega, V. and Nam, Y. and Perdomo-Ortiz, A.},
title = {A generative modeling approach for benchmarking and training shallow quantum circuits},
journal = {npj Quantum Information},
volume = {5},
number = {1},
pages = {45},
year = {2019}
}

@misc{cudaquantum,
author = {{The CUDA Quantum development team}},
title = {{CUDA Quantum}},
howpublished = {\url{https://github.com/NVIDIA/cuda-quantum}},
note = {Accessed on 2023-08-27}
}

@article{xacc,
	doi = {10.1088/2058-9565/ab6bf6},
	url = {https://doi.org/10.1088%2F2058-9565%2Fab6bf6},
	publisher = {{IOP} Publishing},
	volume = {5},
	number = {2},
	pages = {024002},
	author = {Alexander J McCaskey and Dmitry I Lyakh and Eugene F Dumitrescu and Sarah S Powers and Travis S Humble},
	title = {{XACC}: a system-level software infrastructure for heterogeneous quantum{\textendash}classical computing},
	journal = {Quantum Science and Technology}
}
