
@article{puchala2018strategies,
	title={Strategies for optimal single-shot discrimination of quantum measurements},
	author={Pucha{\l}a, Zbigniew and Pawela, {\L}ukasz and Krawiec, Aleksandra and Kukulski, Ryszard},
	journal={Physical Review A},
	volume={98},
	number={4},
	pages={042103},
	year={2018},
	publisher={APS}
}

